@inproceedings{Mori:2003:ROA:1965841.1965858,
	author = {Mori, Greg and Malik, Jitendra},
	title = {Recognizing objects in adversarial clutter: breaking a visual captcha},
	booktitle = {Proceedings of the 2003 IEEE computer society conference on Computer vision and pattern recognition},
	series = {CVPR'03},
	year = {2003},
	isbn = {0-7695-1900-8, 978-0-7695-1900-5},
	location = {Madison, Wisconsin},
	pages = {134--141},
	numpages = {8},
	url = {http://dl.acm.org/citation.cfm?id=1965841.1965858},
	acmid = {1965858},
	publisher = {IEEE Computer Society},
	address = {Washington, DC, USA},
} 

